<record><leader>00000cas a2200000 a 4500</leader><controlfield tag="001">13764430</controlfield><controlfield tag="008">860623d19191940kyudn ne      0    0eng d</controlfield><datafield ind1=" " ind2=" " tag="010"><subfield code="a">sn 86069220 </subfield></datafield><datafield ind1=" " ind2=" " tag="040"><subfield code="a">KNP</subfield><subfield code="b">eng</subfield><subfield code="c">KNP</subfield><subfield code="d">OCL</subfield><subfield code="d">OCLCQ</subfield></datafield><datafield ind1=" " ind2=" " tag="042"><subfield code="a">msc</subfield></datafield><datafield ind1="0" ind2="0" tag="245"><subfield code="a">Danville daily messenger.</subfield></datafield><datafield ind1=" " ind2=" " tag="260"><subfield code="a">Danville, Ky. :</subfield><subfield code="b">J. Curtis Alcock,</subfield><subfield code="c">1919-1940.</subfield></datafield><datafield ind1=" " ind2=" " tag="300"><subfield code="a">v. :</subfield><subfield code="b">ill.</subfield></datafield><datafield ind1=" " ind2=" " tag="310"><subfield code="a">Daily (except Sun.)</subfield></datafield><datafield ind1="0" ind2=" " tag="362"><subfield code="a">10th year, no. 1 (May 5, 1919)- ; -v. 30, no. 190 (Jan. 31, 1940).</subfield></datafield><datafield ind1=" " ind2=" " tag="515"><subfield code="a">Yearly designation is replaced by volume designation.</subfield></datafield><datafield ind1=" " ind2="4" tag="651"><subfield code="a">Boyle County (Ky.)</subfield><subfield code="v">Newspapers.</subfield></datafield><datafield ind1=" " ind2="4" tag="651"><subfield code="a">Danville (Ky.)</subfield><subfield code="v">Newspapers.</subfield></datafield><datafield ind1=" " ind2=" " tag="752"><subfield code="a">United States</subfield><subfield code="b">Kentucky</subfield><subfield code="c">Boyle</subfield><subfield code="d">Danville.</subfield></datafield><datafield ind1="0" ind2="0" tag="780"><subfield code="t">Danville messenger</subfield><subfield code="w">(DLC)sn 86069219</subfield></datafield><datafield ind1="0" ind2="7" tag="785"><subfield code="t">Kentucky advocate (Danville, Ky. : Daily)</subfield><subfield code="w">(DLC)sn 84027428</subfield></datafield><datafield ind1="0" ind2="7" tag="785"><subfield code="t">Danville advocate-messenger</subfield><subfield code="w">(DLC)sn 82015390</subfield></datafield><datafield ind1="1" ind2=" " tag="029"><subfield code="a">AU@</subfield><subfield code="b">000022171468</subfield></datafield></record>